@ARTICLE{Chesbrough:2002,
    author = {Henry Chesbrough and Richard S. Rosenbloom},
    title = {The role of the business model in capturing value from innovation: evidence from Xerox Corporation's technology spin-off companies},
    journal = {Industrial and Corporate Change},
    year = {2002},
    volume = {11},
    pages = {529--555}
}

@article{Kumar:2004,
 author = {Kumar, Ram L.},
 title = {A Framework for Assessing the Business Value of Information Technology Infrastructures},
 journal = {J. Manage. Inf. Syst.},
 issue_date = {Number 2/Fall 2004},
 volume = {21},
 number = {2},
 month = oct,
 year = {2004},
 issn = {0742-1222},
 pages = {11--32},
 numpages = {22},
 url = {http://dl.acm.org/citation.cfm?id=1277694.1277696},
 acmid = {1277696},
 publisher = {M. E. Sharpe, Inc.},
 address = {Armonk, NY, USA},
 keywords = {Asset Valuation, Business Value, Economic Analysis, It Infrastructure},
}

@techreport{IBMRedBookBlueMix:2014,
    author = {Falk, Walter and Ferris, Christopher and Fork, Michael and Sauerwalt, Rob},
    title = {Accelerate Development of New Enterprise Solutions for the Cloud with Codename BlueMix},
    howpublished = {IBM Redbooks},
    keywords = {BlueMix},
    posted-at = {2014-02-24 10:01:32},
    priority = {2}, 
    url = {http://www.redbooks.ibm.com/redpapers/pdfs/redp5011.pdf},
    year = {2002},
    IBMformnumber = {REDP-5011-01},
    numpages = {9},
    publisher = {IBM Redbooks},
    address = {11400 Burnet Road, Austin, TX 78758-3493, USA},
}

@inproceedings{Curington:1991,
 author = {Curington, I and Coutant, M},
 title = {AVS: A flexible interactive distributed environment for scientific visualization applications},
 booktitle = {Proceedings of 2nd Eurographics Workshop on Scientific Visualization},
 year = {1991},
 location = {Delf, The Netherlands}
}

@inproceedings{Armstrong:1999,
 author = {Armstrong, Rob and Gannon, Dennis and Geist, Al and Keahey, Katarzyna and Kohn, Scott and McInnes, Lois and Parker, Steve and Smolinski, Brent},
 title = {Toward a Common Component Architecture for High-Performance Scientific Computing},
 booktitle = {Proceedings of the 8th IEEE International Symposium on High Performance Distributed Computing},
 series = {HPDC '99},
 year = {1999},
 isbn = {0-7695-0287-3},
 pages = {13--},
 url = {http://dl.acm.org/citation.cfm?id=822084.823232},
 acmid = {823232},
 publisher = {IEEE Computer Society},
 address = {Washington, DC, USA},
}

@InProceedings{Gannon:2004,
  Author         = "Dennis Gannon and Sriram Krishnan and Aleksander Slominski and Gopi Kandaswamy and Liang Fang",
  Title          = "{Building Applications from a Web Service based Component Architecture}",
  BookTitle      = "ICS 2004 Workshop on Component Models and Systems for Grid Applications",
  url            = {http://www.extreme.indiana.edu/xcat/publications/stmalo-gannon.pdf},
  Publisher      = "Kluwer Academic",
  year           = {2004}
}

@InProceedings{Gannon:2004b,
  Author         = "Dennis Gannon and Sriram Krishnan and Liang Fang and Gopi Kandaswamy and Yogesh Simmhan and Aleksander Slominski",
  Title          = "{On Building Parallel and Grid Applications: Component Technology and Distributed Services}",
  BookTitle      = "CLADE 2004, Challenges of Large Applications
                    in Distributed Environments",
  url            = {http://www.extreme.indiana.edu/xcat/publications/clade04-cca-grid.pdf},
  Publisher      = "IEEE Computer Society Press",
  year           = {2004}
}

@article{Malony:2005,
  author    = {Allen D. Malony and
               Sameer Shende and
               Nick Trebon and
               Jaideep Ray and
               Robert C. Armstrong and
               Craig Edward Rasmussen and
               Matthew J. Sottile},
  title     = {Performance technology for parallel and distributed component software},
  journal   = {Concurrency - Practice and Experience},
  volume    = {17},
  number    = {2-4},
  pages     = {117--141},
  year      = {2005},
  url       = {http://dx.doi.org/10.1002/cpe.931},
  doi       = {10.1002/cpe.931},
  timestamp = {Sun, 25 Nov 2007 22:35:04 +0100},
  biburl    = {http://dblp.uni-trier.de/rec/bib/journals/concurrency/MalonySTRARS05},
  bibsource = {dblp computer science bibliography, http://dblp.org}
}

